%YAML 1.1
%TAG !u! tag:unity3d.com,2011:
--- !u!1 &1430482499137782210
GameObject:
  m_ObjectHideFlags: 0
  m_CorrespondingSourceObject: {fileID: 0}
  m_PrefabInstance: {fileID: 0}
  m_PrefabAsset: {fileID: 0}
  serializedVersion: 6
  m_Component:
  - component: {fileID: 1430482499137782214}
  - component: {fileID: 1430482499137782215}
  - component: {fileID: 1430482499137782212}
  - component: {fileID: 1430482499137782213}
  - component: {fileID: 883586271}
  - component: {fileID: 883586270}
  - component: {fileID: 883586269}
  m_Layer: 11
  m_Name: Bed
  m_TagString: Collectable
  m_Icon: {fileID: 0}
  m_NavMeshLayer: 0
  m_StaticEditorFlags: 0
  m_IsActive: 1
--- !u!4 &1430482499137782214
Transform:
  m_ObjectHideFlags: 0
  m_CorrespondingSourceObject: {fileID: 0}
  m_PrefabInstance: {fileID: 0}
  m_PrefabAsset: {fileID: 0}
  m_GameObject: {fileID: 1430482499137782210}
  m_LocalRotation: {x: 0, y: -0.1250994, z: 0, w: 0.9921442}
  m_LocalPosition: {x: 0, y: 0.32, z: 0.64}
  m_LocalScale: {x: 1, y: 1, z: 1}
  m_Children:
  - {fileID: 1430482499776093984}
  m_Father: {fileID: 0}
  m_RootOrder: 0
  m_LocalEulerAnglesHint: {x: 0, y: -14.373001, z: 0}
--- !u!114 &1430482499137782215
MonoBehaviour:
  m_ObjectHideFlags: 0
  m_CorrespondingSourceObject: {fileID: 0}
  m_PrefabInstance: {fileID: 0}
  m_PrefabAsset: {fileID: 0}
  m_GameObject: {fileID: 1430482499137782210}
  m_Enabled: 1
  m_EditorHideFlags: 0
  m_Script: {fileID: 11500000, guid: 2a5a7887576ebdb4585b9975b9a54dd7, type: 3}
  m_Name: 
  m_EditorClassIdentifier: 
  hitPts: 5
  myItemRef: 0
  traits: 070000000600000004000000
  negativeTraits: 0800000000000000
  roomAffinity: 4
  rby: {fileID: 1430482499137782213}
  collido: {fileID: 1430482499137782212}
  localPos: {x: -0.16, y: 2.01, z: -4.58}
  localErot: {x: 39.625, y: 116.078, z: 181.13}
  currentPlace: 0
  heldPlayer: 0
  inHouse: 0
--- !u!65 &1430482499137782212
BoxCollider:
  m_ObjectHideFlags: 0
  m_CorrespondingSourceObject: {fileID: 0}
  m_PrefabInstance: {fileID: 0}
  m_PrefabAsset: {fileID: 0}
  m_GameObject: {fileID: 1430482499137782210}
  m_Material: {fileID: 0}
  m_IsTrigger: 0
  m_Enabled: 1
  serializedVersion: 2
  m_Size: {x: 4.8155994, y: 1.299485, z: 2.1682525}
  m_Center: {x: -0.119771, y: 0.5317569, z: -0.12934518}
--- !u!54 &1430482499137782213
Rigidbody:
  m_ObjectHideFlags: 0
  m_CorrespondingSourceObject: {fileID: 0}
  m_PrefabInstance: {fileID: 0}
  m_PrefabAsset: {fileID: 0}
  m_GameObject: {fileID: 1430482499137782210}
  serializedVersion: 2
  m_Mass: 1
  m_Drag: 0
  m_AngularDrag: 0.05
  m_UseGravity: 1
  m_IsKinematic: 1
  m_Interpolate: 0
  m_Constraints: 0
  m_CollisionDetection: 0
--- !u!114 &883586271
MonoBehaviour:
  m_ObjectHideFlags: 0
  m_CorrespondingSourceObject: {fileID: 0}
  m_PrefabInstance: {fileID: 0}
  m_PrefabAsset: {fileID: 0}
  m_GameObject: {fileID: 1430482499137782210}
  m_Enabled: 1
  m_EditorHideFlags: 0
  m_Script: {fileID: 11500000, guid: aa584fbee541324448dd18d8409c7a41, type: 3}
  m_Name: 
  m_EditorClassIdentifier: 
  ObservedComponentsFoldoutOpen: 1
  Group: 0
  prefixField: -1
  Synchronization: 3
  OwnershipTransfer: 1
  ObservedComponents:
  - {fileID: 883586270}
  - {fileID: 883586269}
  viewIdField: 48
  InstantiationId: 48
  isRuntimeInstantiated: 0
--- !u!114 &883586270
MonoBehaviour:
  m_ObjectHideFlags: 0
  m_CorrespondingSourceObject: {fileID: 0}
  m_PrefabInstance: {fileID: 0}
  m_PrefabAsset: {fileID: 0}
  m_GameObject: {fileID: 1430482499137782210}
  m_Enabled: 1
  m_EditorHideFlags: 0
  m_Script: {fileID: 11500000, guid: 64179f3720bbfe947b7724caa67b7c1d, type: 3}
  m_Name: 
  m_EditorClassIdentifier: 
  m_SynchronizeVelocity: 0
  m_SynchronizeAngularVelocity: 1
  m_TeleportEnabled: 0
  m_TeleportIfDistanceGreaterThan: 3
--- !u!114 &883586269
MonoBehaviour:
  m_ObjectHideFlags: 0
  m_CorrespondingSourceObject: {fileID: 0}
  m_PrefabInstance: {fileID: 0}
  m_PrefabAsset: {fileID: 0}
  m_GameObject: {fileID: 1430482499137782210}
  m_Enabled: 1
  m_EditorHideFlags: 0
  m_Script: {fileID: 11500000, guid: 627855c7f81362d41938ffe0b1475957, type: 3}
  m_Name: 
  m_EditorClassIdentifier: 
  m_SynchronizePosition: 1
  m_SynchronizeRotation: 1
  m_SynchronizeScale: 0
--- !u!1001 &1430482499776480672
PrefabInstance:
  m_ObjectHideFlags: 0
  serializedVersion: 2
  m_Modification:
    m_TransformParent: {fileID: 1430482499137782214}
    m_Modifications:
    - target: {fileID: 100000, guid: 2ec9b07221160fc40b0392d84ab3d70b, type: 3}
      propertyPath: m_Name
      value: Bed
      objectReference: {fileID: 0}
    - target: {fileID: 400000, guid: 2ec9b07221160fc40b0392d84ab3d70b, type: 3}
      propertyPath: m_LocalPosition.x
      value: -0.089761734
      objectReference: {fileID: 0}
    - target: {fileID: 400000, guid: 2ec9b07221160fc40b0392d84ab3d70b, type: 3}
      propertyPath: m_LocalPosition.y
      value: -0.15
      objectReference: {fileID: 0}
    - target: {fileID: 400000, guid: 2ec9b07221160fc40b0392d84ab3d70b, type: 3}
      propertyPath: m_LocalPosition.z
      value: -0.06973791
      objectReference: {fileID: 0}
    - target: {fileID: 400000, guid: 2ec9b07221160fc40b0392d84ab3d70b, type: 3}
      propertyPath: m_LocalRotation.x
      value: -0
      objectReference: {fileID: 0}
    - target: {fileID: 400000, guid: 2ec9b07221160fc40b0392d84ab3d70b, type: 3}
      propertyPath: m_LocalRotation.y
      value: -0
      objectReference: {fileID: 0}
    - target: {fileID: 400000, guid: 2ec9b07221160fc40b0392d84ab3d70b, type: 3}
      propertyPath: m_LocalRotation.z
      value: -0
      objectReference: {fileID: 0}
    - target: {fileID: 400000, guid: 2ec9b07221160fc40b0392d84ab3d70b, type: 3}
      propertyPath: m_LocalRotation.w
      value: 1
      objectReference: {fileID: 0}
    - target: {fileID: 400000, guid: 2ec9b07221160fc40b0392d84ab3d70b, type: 3}
      propertyPath: m_RootOrder
      value: 0
      objectReference: {fileID: 0}
    - target: {fileID: 400000, guid: 2ec9b07221160fc40b0392d84ab3d70b, type: 3}
      propertyPath: m_LocalEulerAnglesHint.x
      value: 0
      objectReference: {fileID: 0}
    - target: {fileID: 400000, guid: 2ec9b07221160fc40b0392d84ab3d70b, type: 3}
      propertyPath: m_LocalEulerAnglesHint.y
      value: 0
      objectReference: {fileID: 0}
    - target: {fileID: 400000, guid: 2ec9b07221160fc40b0392d84ab3d70b, type: 3}
      propertyPath: m_LocalEulerAnglesHint.z
      value: 0
      objectReference: {fileID: 0}
    - target: {fileID: 400000, guid: 2ec9b07221160fc40b0392d84ab3d70b, type: 3}
      propertyPath: m_LocalScale.x
      value: 40.21291
      objectReference: {fileID: 0}
    - target: {fileID: 400000, guid: 2ec9b07221160fc40b0392d84ab3d70b, type: 3}
      propertyPath: m_LocalScale.y
      value: 40.21291
      objectReference: {fileID: 0}
    - target: {fileID: 400000, guid: 2ec9b07221160fc40b0392d84ab3d70b, type: 3}
      propertyPath: m_LocalScale.z
      value: 40.21291
      objectReference: {fileID: 0}
    - target: {fileID: 2300000, guid: 2ec9b07221160fc40b0392d84ab3d70b, type: 3}
      propertyPath: m_Materials.Array.data[0]
      value: 
      objectReference: {fileID: 2100000, guid: 806ede85a5cd9ff4c92363a279f2106a, type: 2}
    m_RemovedComponents: []
  m_SourcePrefab: {fileID: 100100000, guid: 2ec9b07221160fc40b0392d84ab3d70b, type: 3}
--- !u!4 &1430482499776093984 stripped
Transform:
  m_CorrespondingSourceObject: {fileID: 400000, guid: 2ec9b07221160fc40b0392d84ab3d70b,
    type: 3}
  m_PrefabInstance: {fileID: 1430482499776480672}
  m_PrefabAsset: {fileID: 0}
