%YAML 1.1
%TAG !u! tag:unity3d.com,2011:
--- !u!1 &3836219796786251051
GameObject:
  m_ObjectHideFlags: 0
  m_CorrespondingSourceObject: {fileID: 0}
  m_PrefabInstance: {fileID: 0}
  m_PrefabAsset: {fileID: 0}
  serializedVersion: 6
  m_Component:
  - component: {fileID: 3836219796786251047}
  - component: {fileID: 3836219796786251046}
  - component: {fileID: 3836219796786251045}
  - component: {fileID: 3836219796786251044}
  - component: {fileID: 1790624578}
  - component: {fileID: 1790624577}
  - component: {fileID: 1790624576}
  m_Layer: 11
  m_Name: Clothes
  m_TagString: Collectable
  m_Icon: {fileID: 0}
  m_NavMeshLayer: 0
  m_StaticEditorFlags: 0
  m_IsActive: 1
--- !u!4 &3836219796786251047
Transform:
  m_ObjectHideFlags: 0
  m_CorrespondingSourceObject: {fileID: 0}
  m_PrefabInstance: {fileID: 0}
  m_PrefabAsset: {fileID: 0}
  m_GameObject: {fileID: 3836219796786251051}
  m_LocalRotation: {x: 0, y: -0.6405923, z: 0, w: 0.7678812}
  m_LocalPosition: {x: -10.82, y: 0.32, z: 6.84}
  m_LocalScale: {x: 1, y: 1, z: 1}
  m_Children:
  - {fileID: 3836219794729304896}
  m_Father: {fileID: 0}
  m_RootOrder: 0
  m_LocalEulerAnglesHint: {x: 0, y: -79.672005, z: 0}
--- !u!114 &3836219796786251046
MonoBehaviour:
  m_ObjectHideFlags: 0
  m_CorrespondingSourceObject: {fileID: 0}
  m_PrefabInstance: {fileID: 0}
  m_PrefabAsset: {fileID: 0}
  m_GameObject: {fileID: 3836219796786251051}
  m_Enabled: 1
  m_EditorHideFlags: 0
  m_Script: {fileID: 11500000, guid: 2a5a7887576ebdb4585b9975b9a54dd7, type: 3}
  m_Name: 
  m_EditorClassIdentifier: 
  hitPts: 5
  myItemRef: 0
  traits: 000000000300000005000000
  negativeTraits: 06000000
  roomAffinity: 4
  rby: {fileID: 3836219796786251044}
  collido: {fileID: 3836219796786251045}
  localPos: {x: 3.94, y: -0.4, z: -1.6}
  localErot: {x: 5.6, y: 20, z: 140}
  currentPlace: 0
  heldPlayer: 0
  inHouse: 0
--- !u!65 &3836219796786251045
BoxCollider:
  m_ObjectHideFlags: 0
  m_CorrespondingSourceObject: {fileID: 0}
  m_PrefabInstance: {fileID: 0}
  m_PrefabAsset: {fileID: 0}
  m_GameObject: {fileID: 3836219796786251051}
  m_Material: {fileID: 0}
  m_IsTrigger: 0
  m_Enabled: 1
  serializedVersion: 2
  m_Size: {x: 2.0025063, y: 2.0402324, z: 0.29494047}
  m_Center: {x: 0.11220169, y: 0.9021307, z: -0.102511644}
--- !u!54 &3836219796786251044
Rigidbody:
  m_ObjectHideFlags: 0
  m_CorrespondingSourceObject: {fileID: 0}
  m_PrefabInstance: {fileID: 0}
  m_PrefabAsset: {fileID: 0}
  m_GameObject: {fileID: 3836219796786251051}
  serializedVersion: 2
  m_Mass: 1
  m_Drag: 0
  m_AngularDrag: 0.05
  m_UseGravity: 1
  m_IsKinematic: 1
  m_Interpolate: 0
  m_Constraints: 0
  m_CollisionDetection: 0
--- !u!114 &1790624578
MonoBehaviour:
  m_ObjectHideFlags: 0
  m_CorrespondingSourceObject: {fileID: 0}
  m_PrefabInstance: {fileID: 0}
  m_PrefabAsset: {fileID: 0}
  m_GameObject: {fileID: 3836219796786251051}
  m_Enabled: 1
  m_EditorHideFlags: 0
  m_Script: {fileID: 11500000, guid: aa584fbee541324448dd18d8409c7a41, type: 3}
  m_Name: 
  m_EditorClassIdentifier: 
  ObservedComponentsFoldoutOpen: 1
  Group: 0
  prefixField: -1
  Synchronization: 3
  OwnershipTransfer: 1
  ObservedComponents:
  - {fileID: 1790624577}
  - {fileID: 1790624576}
  viewIdField: 27
  InstantiationId: 27
  isRuntimeInstantiated: 0
--- !u!114 &1790624577
MonoBehaviour:
  m_ObjectHideFlags: 0
  m_CorrespondingSourceObject: {fileID: 0}
  m_PrefabInstance: {fileID: 0}
  m_PrefabAsset: {fileID: 0}
  m_GameObject: {fileID: 3836219796786251051}
  m_Enabled: 1
  m_EditorHideFlags: 0
  m_Script: {fileID: 11500000, guid: 64179f3720bbfe947b7724caa67b7c1d, type: 3}
  m_Name: 
  m_EditorClassIdentifier: 
  m_SynchronizeVelocity: 0
  m_SynchronizeAngularVelocity: 1
  m_TeleportEnabled: 0
  m_TeleportIfDistanceGreaterThan: 3
--- !u!114 &1790624576
MonoBehaviour:
  m_ObjectHideFlags: 0
  m_CorrespondingSourceObject: {fileID: 0}
  m_PrefabInstance: {fileID: 0}
  m_PrefabAsset: {fileID: 0}
  m_GameObject: {fileID: 3836219796786251051}
  m_Enabled: 1
  m_EditorHideFlags: 0
  m_Script: {fileID: 11500000, guid: 627855c7f81362d41938ffe0b1475957, type: 3}
  m_Name: 
  m_EditorClassIdentifier: 
  m_SynchronizePosition: 1
  m_SynchronizeRotation: 1
  m_SynchronizeScale: 0
--- !u!1001 &3836219794729703872
PrefabInstance:
  m_ObjectHideFlags: 0
  serializedVersion: 2
  m_Modification:
    m_TransformParent: {fileID: 3836219796786251047}
    m_Modifications:
    - target: {fileID: 100000, guid: 466807989258e734086da78a450859c9, type: 3}
      propertyPath: m_Name
      value: Clothes
      objectReference: {fileID: 0}
    - target: {fileID: 400000, guid: 466807989258e734086da78a450859c9, type: 3}
      propertyPath: m_LocalPosition.x
      value: 0.030237198
      objectReference: {fileID: 0}
    - target: {fileID: 400000, guid: 466807989258e734086da78a450859c9, type: 3}
      propertyPath: m_LocalPosition.y
      value: 0.091000006
      objectReference: {fileID: 0}
    - target: {fileID: 400000, guid: 466807989258e734086da78a450859c9, type: 3}
      propertyPath: m_LocalPosition.z
      value: -0.089737654
      objectReference: {fileID: 0}
    - target: {fileID: 400000, guid: 466807989258e734086da78a450859c9, type: 3}
      propertyPath: m_LocalRotation.x
      value: 0.000000081460335
      objectReference: {fileID: 0}
    - target: {fileID: 400000, guid: 466807989258e734086da78a450859c9, type: 3}
      propertyPath: m_LocalRotation.y
      value: 0
      objectReference: {fileID: 0}
    - target: {fileID: 400000, guid: 466807989258e734086da78a450859c9, type: 3}
      propertyPath: m_LocalRotation.z
      value: -0
      objectReference: {fileID: 0}
    - target: {fileID: 400000, guid: 466807989258e734086da78a450859c9, type: 3}
      propertyPath: m_LocalRotation.w
      value: 1
      objectReference: {fileID: 0}
    - target: {fileID: 400000, guid: 466807989258e734086da78a450859c9, type: 3}
      propertyPath: m_RootOrder
      value: 0
      objectReference: {fileID: 0}
    - target: {fileID: 400000, guid: 466807989258e734086da78a450859c9, type: 3}
      propertyPath: m_LocalEulerAnglesHint.x
      value: 0
      objectReference: {fileID: 0}
    - target: {fileID: 400000, guid: 466807989258e734086da78a450859c9, type: 3}
      propertyPath: m_LocalEulerAnglesHint.y
      value: 0
      objectReference: {fileID: 0}
    - target: {fileID: 400000, guid: 466807989258e734086da78a450859c9, type: 3}
      propertyPath: m_LocalEulerAnglesHint.z
      value: 0
      objectReference: {fileID: 0}
    - target: {fileID: 400000, guid: 466807989258e734086da78a450859c9, type: 3}
      propertyPath: m_LocalScale.x
      value: 40.21291
      objectReference: {fileID: 0}
    - target: {fileID: 400000, guid: 466807989258e734086da78a450859c9, type: 3}
      propertyPath: m_LocalScale.y
      value: 40.21291
      objectReference: {fileID: 0}
    - target: {fileID: 400000, guid: 466807989258e734086da78a450859c9, type: 3}
      propertyPath: m_LocalScale.z
      value: 40.21291
      objectReference: {fileID: 0}
    - target: {fileID: 2300006, guid: 466807989258e734086da78a450859c9, type: 3}
      propertyPath: m_Materials.Array.data[0]
      value: 
      objectReference: {fileID: 2100000, guid: af23d59c6dfcdfb4b8673a66eca5b644, type: 2}
    m_RemovedComponents: []
  m_SourcePrefab: {fileID: 100100000, guid: 466807989258e734086da78a450859c9, type: 3}
--- !u!4 &3836219794729304896 stripped
Transform:
  m_CorrespondingSourceObject: {fileID: 400000, guid: 466807989258e734086da78a450859c9,
    type: 3}
  m_PrefabInstance: {fileID: 3836219794729703872}
  m_PrefabAsset: {fileID: 0}
